<record><leader>00000cas a22000007a 4500</leader><controlfield tag="001">17235026</controlfield><controlfield tag="008">871214d19741983ohuwr ne      0    0eng d</controlfield><datafield ind1=" " ind2=" " tag="010"><subfield code="a">sn 87075267 </subfield></datafield><datafield ind1=" " ind2=" " tag="040"><subfield code="a">ONP</subfield><subfield code="b">eng</subfield><subfield code="c">ONP</subfield><subfield code="d">OCLCQ</subfield></datafield><datafield ind1=" " ind2=" " tag="042"><subfield code="a">msc</subfield></datafield><datafield ind1="0" ind2="0" tag="245"><subfield code="a">St. Clairsville gazette-chronicle.</subfield></datafield><datafield ind1="3" ind2="0" tag="246"><subfield code="a">Saint Clairsville gazette-chronicle</subfield></datafield><datafield ind1=" " ind2=" " tag="260"><subfield code="a">St. Clairsville, Ohio :</subfield><subfield code="b">St. Clairsville Pub. Co.,</subfield><subfield code="c">1974-1983.</subfield></datafield><datafield ind1=" " ind2=" " tag="300"><subfield code="a">v.</subfield></datafield><datafield ind1=" " ind2=" " tag="310"><subfield code="a">Weekly</subfield></datafield><datafield ind1="0" ind2=" " tag="362"><subfield code="a">Vol. 163, no. 1 (Jan 3, 1974)-v. 162, no. [30] (July 28, 1983).</subfield></datafield><datafield ind1=" " ind2="4" tag="651"><subfield code="a">Saint Clairsville (Ohio)</subfield><subfield code="v">Newspapers.</subfield></datafield><datafield ind1=" " ind2="4" tag="651"><subfield code="a">Belmont County (Ohio)</subfield><subfield code="v">Newspapers.</subfield></datafield><datafield ind1=" " ind2=" " tag="752"><subfield code="a">United States</subfield><subfield code="b">Ohio</subfield><subfield code="c">Belmont</subfield><subfield code="d">Saint Clairsville.</subfield></datafield><datafield ind1="0" ind2="4" tag="780"><subfield code="t">Belmont chronicle (Saint Clairsville, Ohio : 1855)</subfield><subfield code="w">(DLC)sn 85026241</subfield></datafield><datafield ind1="0" ind2="4" tag="780"><subfield code="t">St. Clairsville gazette (Saint Clairsville, Ohio : 1862)</subfield><subfield code="w">(DLC)sn 83035305</subfield></datafield><datafield ind1="0" ind2="4" tag="785"><subfield code="t">Times-leader (Martins Ferry, Ohio)</subfield><subfield code="w">(DLC)sn 87075262</subfield></datafield><datafield ind1="1" ind2=" " tag="029"><subfield code="a">AU@</subfield><subfield code="b">000025800519</subfield></datafield></record>